<record><leader>00000cas a22000007a 4500</leader><controlfield tag="001">24473146</controlfield><controlfield tag="008">910930d1944200uncuwr ne      0    0eng d</controlfield><datafield ind1=" " ind2=" " tag="010"><subfield code="a">sn 91068361 </subfield></datafield><datafield ind1=" " ind2=" " tag="040"><subfield code="a">NVJ</subfield><subfield code="b">eng</subfield><subfield code="c">NVJ</subfield><subfield code="d">FUG</subfield><subfield code="d">NSD</subfield><subfield code="d">OCLCQ</subfield><subfield code="d">UKMGB</subfield><subfield code="d">OCLCQ</subfield><subfield code="d">OCLCF</subfield><subfield code="d">OCLCO</subfield></datafield><datafield ind1="7" ind2=" " tag="016"><subfield code="a">013917202</subfield><subfield code="2">Uk</subfield></datafield><datafield ind1="7" ind2=" " tag="016"><subfield code="a">013916906</subfield><subfield code="2">Uk</subfield></datafield><datafield ind1="1" ind2=" " tag="029"><subfield code="a">AU@</subfield><subfield code="b">000020682092</subfield></datafield><datafield ind1=" " ind2=" " tag="042"><subfield code="a">msc</subfield></datafield><datafield ind1=" " ind2=" " tag="043"><subfield code="a">n-us-nc</subfield></datafield><datafield ind1="0" ind2=" " tag="130"><subfield code="a">Patriot (Greensboro, N.C : 1944)</subfield></datafield><datafield ind1="1" ind2="4" tag="245"><subfield code="a">The patriot.</subfield></datafield><datafield ind1=" " ind2=" " tag="260"><subfield code="a">Greensboro, N.C. :</subfield><subfield code="b">Patriot Pub. Co.</subfield></datafield><datafield ind1=" " ind2=" " tag="300"><subfield code="a">v.</subfield></datafield><datafield ind1=" " ind2=" " tag="310"><subfield code="a">Weekly</subfield></datafield><datafield ind1="0" ind2=" " tag="362"><subfield code="a">Vol. 119, no. 9 (June 22, 1944)-</subfield></datafield><datafield ind1=" " ind2="0" tag="651"><subfield code="a">Greensboro (N.C.)</subfield><subfield code="v">Newspapers.</subfield></datafield><datafield ind1=" " ind2="0" tag="651"><subfield code="a">Guilford County (N.C.)</subfield><subfield code="v">Newspapers.</subfield></datafield><datafield ind1=" " ind2="7" tag="655"><subfield code="a">Newspapers.</subfield><subfield code="2">fast</subfield><subfield code="0">(OCoLC)fst01423814</subfield></datafield><datafield ind1=" " ind2="7" tag="651"><subfield code="a">North Carolina</subfield><subfield code="z">Greensboro.</subfield><subfield code="2">fast</subfield><subfield code="0">(OCoLC)fst01205296</subfield></datafield><datafield ind1=" " ind2="7" tag="651"><subfield code="a">North Carolina</subfield><subfield code="z">Guilford County.</subfield><subfield code="2">fast</subfield><subfield code="0">(OCoLC)fst01205338</subfield></datafield><datafield ind1=" " ind2=" " tag="752"><subfield code="a">United States</subfield><subfield code="b">North Carolina</subfield><subfield code="c">Guilford</subfield><subfield code="d">Greensboro.</subfield></datafield><datafield ind1="0" ind2="0" tag="780"><subfield code="t">Greensboro patriot (Greensboro, N.C. : 1869)</subfield><subfield code="w">(DLC)sn 84026473</subfield></datafield><datafield ind1="0" ind2="0" tag="785"><subfield code="t">Greensboro patriot (Greensboro, N.C. : 2002)</subfield><subfield code="x">1542-4081</subfield><subfield code="w">(DLC)  2002211750</subfield><subfield code="w">(OCoLC)50943822</subfield></datafield></record>